@article{lowry1951protein,
    title={Protein measurement with the Folin phenol reagent},
    author={Lowry, Oliver H and Rosebrough, Nira J and Farr, A Lewis and Randall, Rose J},
    journal={Journal of biological chemistry},
    volume={193},
    number={1},
    pages={265--275},
    year={1951},
    publisher={American Society for Biochemistry and Molecular Biology}
}
